<?xml version="1.0" encoding="UTF-8"?><Document xmlns="urn:iso:std:iso:20022:tech:xsd:camt.053.001.02"><!--Versio 1.4-->  <BkToCstmrStmt>    <GrpHdr>      <MsgId>TI0107.122005810</MsgId>      <CreDtTm>2014-01-03T22:01:00+02:00</CreDtTm>      <MsgRcpt>        <Nm>-</Nm>        <PstlAdr>          <AdrTp>BIZZ</AdrTp>          <Dept>0000</Dept>        </PstlAdr>        <Id>          <OrgId>            <Othr>              <Id></Id>              <SchmeNm>                <Cd>BANK</Cd>              </SchmeNm>            </Othr>          </OrgId>        </Id>      </MsgRcpt>      <MsgPgntn>        <PgNb>1</PgNb>        <LastPgInd>true</LastPgInd>      </MsgPgntn>    </GrpHdr>    <Stmt>      <Id>TI0107.122005810.1</Id>      <LglSeqNb>003</LglSeqNb>      <CreDtTm>2014-01-03T22:00:00+02:00</CreDtTm>      <FrToDt>        <FrDtTm>2014-01-03T00:00:00+02:00</FrDtTm>        <ToDtTm>2014-01-03T00:00:00+02:00</ToDtTm>      </FrToDt>      <Acct>        <Id>          <IBAN>FI1557169020004185</IBAN>        </Id>        <Ccy>EUR</Ccy>        <Ownr>          <Id>            <PrvtId>              <Othr>                <Id></Id>              </Othr>            </PrvtId>          </Id>        </Ownr>        <Svcr>          <FinInstnId>            <BIC>OKOYFIHH</BIC>            <Nm>TURUN SEUDUN OSUUSPANKKI</Nm>          </FinInstnId>        </Svcr>      </Acct>      <Bal>        <Tp>          <CdOrPrtry>            <Cd>OPBD</Cd>          </CdOrPrtry>        </Tp>        <Amt Ccy="EUR">1001159.23</Amt>        <CdtDbtInd>CRDT</CdtDbtInd>        <Dt>          <Dt>2014-01-02</Dt>        </Dt>      </Bal>      <Bal>        <Tp>          <CdOrPrtry>            <Cd>PRCD</Cd>          </CdOrPrtry>        </Tp>        <Amt Ccy="EUR">1001159.23</Amt>        <CdtDbtInd>CRDT</CdtDbtInd>        <Dt>          <Dt>2014-01-02</Dt>        </Dt>      </Bal>      <Bal>        <Tp>          <CdOrPrtry>            <Cd>CLBD</Cd>          </CdOrPrtry>        </Tp>        <Amt Ccy="EUR">1000000.00</Amt>        <CdtDbtInd>CRDT</CdtDbtInd>        <Dt>          <Dt>2014-01-03</Dt>        </Dt>      </Bal>      <Bal>        <Tp>          <CdOrPrtry>            <Cd>CLAV</Cd>          </CdOrPrtry>        </Tp>        <CdtLine>          <Incl>true</Incl>          <Amt Ccy="EUR">1000000.00</Amt>        </CdtLine>        <Amt Ccy="EUR">2000000.00</Amt>        <CdtDbtInd>CRDT</CdtDbtInd>        <Dt>          <Dt>2014-01-03</Dt>        </Dt>      </Bal>      <TxsSummry>        <TtlNtries>          <NbOfNtries>1</NbOfNtries>        </TtlNtries>        <TtlCdtNtries>          <NbOfNtries>1</NbOfNtries>          <Sum>1159.23</Sum>        </TtlCdtNtries>        <TtlDbtNtries>          <NbOfNtries>0</NbOfNtries>          <Sum>0.00</Sum>        </TtlDbtNtries>      </TxsSummry>      <Ntry>        <NtryRef>000001</NtryRef>        <Amt Ccy="EUR">1159.23</Amt>        <CdtDbtInd>CRDT</CdtDbtInd>        <Sts>BOOK</Sts>        <BookgDt>          <Dt>2014-01-03</Dt>        </BookgDt>        <ValDt>          <Dt>2014-01-03</Dt>        </ValDt>        <AcctSvcrRef>140103578800012359</AcctSvcrRef>        <BkTxCd>          <Domn>            <Cd>PMNT</Cd>            <Fmly>              <Cd>RCDT</Cd>              <SubFmlyCd>DMCT</SubFmlyCd>            </Fmly>          </Domn>          <Prtry>            <Cd>710TILISIIRTO</Cd>            <Issr>FFFS</Issr>          </Prtry>        </BkTxCd>        <NtryDtls>          <TxDtls>            <AmtDtls>              <TxAmt>                <Amt Ccy="EUR">1159.23</Amt>              </TxAmt>            </AmtDtls>            <BkTxCd>              <Domn>                <Cd>PMNT</Cd>                <Fmly>                  <Cd>RCDT</Cd>                  <SubFmlyCd>DMCT</SubFmlyCd>                </Fmly>              </Domn>              <Prtry>                <Cd>710TILISIIRTO</Cd>                <Issr>FFFS</Issr>              </Prtry>            </BkTxCd>            <RltdDts>              <AccptncDtTm>2014-01-03T00:00:00+02:00</AccptncDtTm>            </RltdDts>          </TxDtls>        </NtryDtls>      </Ntry>    </Stmt>  </BkToCstmrStmt></Document>
